% This file was created with JabRef 2.6.
% Encoding: UTF-8

@comment{jabref-entrytype: Bachelorsthesis: req[author;title;school;year] opt[type;address;month;note]}

@comment{jabref-entrytype: Diplomathesis: req[author;title;school;year] opt[type;address;month;note]}

@comment{jabref-entrytype: Webpage: req[title;url] opt[author;editor;note;year;month;lastchecked]}

@article{Akyildiz2005445,
title = "Wireless mesh networks: a survey ",
journal = "Computer Networks ",
volume = "47",
number = "4",
pages = "445 - 487",
year = "2005",
note = "",
issn = "1389-1286",
doi = "http://dx.doi.org/10.1016/j.comnet.2004.12.001",
url = "http://www.sciencedirect.com/science/article/pii/S1389128604003457",
author = "Ian F. Akyildiz and Xudong Wang and Weilin Wang",
keywords = "Wireless mesh networks",
keywords = "Ad hoc networks",
keywords = "Wireless sensor networks",
keywords = "Medium access control",
keywords = "Routing protocol",
keywords = "Transport protocol",
keywords = "Scalability",
keywords = "Security",
keywords = "Power management and control",
keywords = "Timing synchronization "
}

@techpaper{airberry,
author = "Airberry",
title = "Introduction to Mesh Networks",
institution = "Airberry",
year = "2012"
}

@article{overview_caa,
title = "An overview of Channel Assignment methods for multi-radio multi-channel wireless mesh networks ",
journal = "Journal of Parallel and Distributed Computing ",
volume = "70",
number = "5",
pages = "505 - 524",
year = "2010",
note = "",
issn = "0743-7315",
doi = "http://dx.doi.org/10.1016/j.jpdc.2009.09.011",
url = "http://www.sciencedirect.com/science/article/pii/S074373150900183X",
author = "Weisheng Si and Selvadurai Selvakennedy and Albert Y. Zomaya",
keywords = "Wireless mesh networks",
keywords = "Multiple radios",
keywords = "Multiple channels",
keywords = "Channel assignment",
keywords = "Survey "
}

@article{caa_tricky,
 author = {Raniwala, Ashish and Gopalan, Kartik and Chiueh, Tzi-cker},
 title = {Centralized Channel Assignment and Routing Algorithms for Multi-channel Wireless Mesh Networks},
 journal = {SIGMOBILE Mob. Comput. Commun. Rev.},
 issue_date = {April 2004},
 volume = {8},
 number = {2},
 month = apr,
 year = {2004},
 issn = {1559-1662},
 pages = {50--65},
 numpages = {16},
 url = {http://doi.acm.org/10.1145/997122.997130},
 doi = {10.1145/997122.997130},
 acmid = {997130},
 publisher = {ACM},
 address = {New York, NY, USA},
} 
